<record><leader>00000cas a22000007a 4500</leader><controlfield tag="001">18906296</controlfield><controlfield tag="008">881215d19811983deuwr ne      0    0eng d</controlfield><datafield ind1=" " ind2=" " tag="010"><subfield code="a">sn 88053160 </subfield></datafield><datafield ind1=" " ind2=" " tag="040"><subfield code="a">DEX</subfield><subfield code="b">eng</subfield><subfield code="c">DEX</subfield><subfield code="d">OCLCQ</subfield></datafield><datafield ind1=" " ind2=" " tag="042"><subfield code="a">msc</subfield></datafield><datafield ind1="0" ind2=" " tag="130"><subfield code="a">Gazette (New Castle, Del.)</subfield></datafield><datafield ind1="1" ind2="4" tag="245"><subfield code="a">The Gazette.</subfield></datafield><datafield ind1=" " ind2=" " tag="260"><subfield code="a">New Castle, Del. :</subfield><subfield code="b">New Castle Gazette Ltd.</subfield></datafield><datafield ind1=" " ind2=" " tag="300"><subfield code="a">v.</subfield></datafield><datafield ind1="0" ind2=" " tag="362"><subfield code="a">Vol. 14, no. 43 (Oct. 28, 1981)-v. 16, no. 9 (Mar. 2, 1983).</subfield></datafield><datafield ind1=" " ind2=" " tag="752"><subfield code="a">United States</subfield><subfield code="b">Delaware</subfield><subfield code="c">New Castle</subfield><subfield code="d">New Castle.</subfield></datafield><datafield ind1="0" ind2="0" tag="780"><subfield code="t">New Castle gazette (New Castle, Del.)</subfield><subfield code="w">(DLC)sn 84026834</subfield></datafield><datafield ind1="0" ind2="0" tag="785"><subfield code="t">New Castle Eagle</subfield><subfield code="w">(DLC)sn 83007994</subfield></datafield></record>